%% LaTeX2e file `Ref10.bib'
%% generated by the `filecontents' environment
%% from source `"FYS STK 3155 Project 3"' on 2019/12/19.
%%
@misc{chris,
 title = "Interpretable Machine Learning: A Guide for Making Black Box Models Explainable",
 year = "2019",
 author = "Christoph Molnar"
 howpublished = "\url{https://christophm.github.io/interpretable-ml-book/index.html"},
}


@misc{stackOFfeatimp,
 title = "How are feature importances in RandomForestClassifier determined?",
 howpublished = "\url{https://stackoverflow.com/questions/15810339/how-are-feature-importances-in-randomforestclassifier-determined"},
} 


@misc{anavidhya,
 title = "Complete Guide to Parameter Tuning in XGBoost with codes in Python",
 author = "Jain, A.",
 year = "2016",
 howpublished = "\url{https://www.analyticsvidhya.com/blog/2016/03/complete-guide-parameter-tuning-xgboost-with-codes-python/"},
}
 
@misc{vintelligence,
 title = "Artificial Vintelligence: AI Gets Taste of Wine Industry",
 author = "Von Vivo, Tivon",
 year = "2018",
 howpublished = "\url{https://vonvino.com/artificial-intelligence/}",
}


@misc{winepaper,
 title = "Modeling Wine Preferences from Physicochemical Properties using Fuzzy Techniques",
 author = "Cortez, P., Cerdeira, A., Almeida, F., Matos, and T., Reis, J.",
 year = "2009",
 howpublished = "\url{https://www.scitepress.org/Papers/2015/55519/55519.pdf}",
}

@misc{dataset,
 title = " Wine Quality Data Set",
 author = "Cortez, P., Cerdeira, A., Almeida, F., Matos, and T., Reis, J.",
 howpublished = "\url{https://archive.ics.uci.edu/ml/datasets/Wine+Quality}",
}

@misc{Project3Assignment,
  title        = "Project 3 Assignment Description",
  author       = "Department of Physics, University of Oslo, Norway",
  howpublished = "\url{https://compphysics.github.io/MachineLearning/doc/Projects/2019/Project3/pdf/Project3.pdf}",
}

@misc{GithubRepo,
 title = "Project3 github repository",
 author = "Barstad, Johannes A. and Heitmann, Olve",
 howpublished ="\url{https://github.com/Barstad/fys_stk3155/tree/master/PROJECT3}",
}
@misc{Project2,
 title = "Project2 github repository",
 author = "Barstad, Johannes A. and Heitmann, Olve",
 howpublished ="\url{https://github.com/Barstad/fys_stk3155/tree/master/PROJECT2}",
}

@misc{Project1,
 title = "Project1 github repository",
 author = "Barstad, Johannes A. and Heitmann, Olve",
 howpublished ="\url{https://github.com/Barstad/fys_stk3155/tree/master/PROJECT1}",
}


@misc{UCImlRepoCCdata,
 title = "UCI Machine Learning Repository - Default of Credit Card Clients Data Set",
 author = "USGS",
 howpublished = "\url{https://earthexplorer.usgs.gov/}",
}

@misc{LectureNotesOptGradientMethods,
 title = "Data Analysis and Machine Learning Lectures: Optimization and Gradient Methods",
 author = "Morten Hjorth-Jensen",
 howpublished = "\url{https://compphysics.github.io/MachineLearning/doc/pub/Splines/html/._Splines-bs000.html}",
}


@misc{useGradientBoosting,
 title = "Data-driven Advice for Applying Machine Learning to Bioinformatics Problems",
 author = "Olson, R.S., La Cava, W., Mustahsan, Z., Varik, A., and Moore, J.H.",
 year = "2018"
 howpublished = "\url{https://arxiv.org/abs/1708.05070}",
}

@misc{doWeNeed,
 title = "Do we Need Hundreds of Classifiers to Solve Real World
 Classification Problems?",
 author = "Fern√°ndez-Delgado, M., Cernadas, E., Barro, S.",
 year = "2014",
 howpublished="\url{http://jmlr.csail.mit.edu/papers/volume15/delgado14a/delgado14a.pdf}",
}
 
@misc{LectDT,
 title = "Data Analysis and Machine Learning: From Decision Trees to Forests and all that",
 author = "Hjorth-Jensen, M.",
 year = "2019",
 howpublished ="\url{https://compphysics.github.io/MachineLearning/doc/pub/DecisionTrees/html/DecisionTrees.html}",
}

@book{ElementsOfStatLearning,
 author = "Hastie, Trevor, and Tibshirani, Robert, and H. Friedman, Jerome",
 title = "The Elements of Statistical Learning",
 year = "2008",
 publisher = "Springer",
}


@misc{explAIgbm,
 title = "Gradient boosting: Distance to target",
 author = "Parr, T., Howard, J.",
 howpublished ="\url{https://explained.ai/gradient-boosting/L2-loss.html}",
}

@misc{explAIproof,
 title = "Gradient boosting performs gradient descent",
 author = "PArr, T., Howard, J.",
 howpublished ="\url{https://explained.ai/gradient-boosting/descent.html}",
}

@misc{ceoKaggle,
 title = "Lessons from 2MM Machine Learning Models, import.io",
 author "Anthony Goldbloom",
 year = "2016",
 howpublished ="\url{https://www.youtube.com/watch?v=GTs5ZQ6XwUM&feature=emb_logo}",
}

@misc{XGBoost,
 title = "XGBoost: A Scalable Tree Boosting System,
 author = "Chen, T., Guestrin, C.",
 year = "2016",
 howpublished = "\url{https://arxiv.org/abs/1603.02754}",
}

