%% LaTeX2e file `Ref8.bib'
%% generated by the `filecontents' environment
%% from source `"FYS STK 3155 Project 2"' on 2019/11/10.
%%

@misc{Project2Assignment,
  title        = "Project 2 Assignment Description",
  author       = "Department of Physics, University of Oslo, Norway",
  howpublished = "\url{https://compphysics.github.io/MachineLearning/doc/Projects/2019/Project2/pdf/Project2.pdf}",
}

@misc{GithubRepo,
 title = "Project2 github repository",
 author = "Barstad, Johannes A. and Heitmann, Olve",
 howpublished ="\url{https://github.com/Barstad/fys_stk3155/tree/master/PROJECT2}",
}
@misc{Project1,
 title = "Project1 github repository",
 author = "Barstad, Johannes A. and Heitmann, Olve",
 howpublished ="\url{https://github.com/Barstad/fys_stk3155/tree/master/PROJECT1}",
}

@misc{EarthExplorer,
 title = "EarthExplorer",
 author = "USGS",
 howpublished = "\url{https://earthexplorer.usgs.gov/}",
}

@misc{UCImlRepoCCdata,
 title = "UCI Machine Learning Repository - Default of Credit Card Clients Data Set",
 author = "USGS",
 howpublished = "\url{https://earthexplorer.usgs.gov/}",
}

@misc{FrankesFunction,
 title = "Virtual Library of Simulation Experiments: Test Functions and Datasets. FRANKE'S FUNCTION",
 author = "Derek Bingham",
 howpublished = "\url{https://www.sfu.ca/~ssurjano/franke2d.html}",
}

@misc{LectureNotesLogisticReg,
 title = "Data Analysis and Machine Learning: Logistic Regression",
 author = "Morten Hjorth-Jensen",
 howpublished = "\url{https://compphysics.github.io/MachineLearning/doc/pub/LogReg/html/LogReg.html}",
}

@misc{LectureNotesOptGradientMethods,
 title = "Data Analysis and Machine Learning Lectures: Optimization and Gradient Methods",
 author = "Morten Hjorth-Jensen",
 howpublished = "\url{https://compphysics.github.io/MachineLearning/doc/pub/Splines/html/._Splines-bs000.html}",
}

@misc{LectureNotesNNDL,
 title = "Data Analysis and Machine Learning: Neural networks, from the simple perceptron to deep learning",
 author = "Morten Hjorth-Jensen",
 howpublished = "\url{https://compphysics.github.io/MachineLearning/doc/pub/NeuralNet/html/NeuralNet-bs.html}",
}

@misc{ScientificArticle,
 title = "The comparisons of data mining techniques for the predictive accuracy of probability of default of credit card clients",
 author = "I-Cheng, Yeh., Che-hui, Lien",
 howpublished = "\url{https://bradzzz.gitbooks.io/ga-seattle-dsi/content/dsi/dsi_05_classification_databases/2.1-lesson/assets/datasets/DefaultCreditCardClients_yeh_2009.pdf}",
}

@misc{TaiwanCC2006,
 title = "Cash and credit card crisis in Taiwan",
 author = "Chou, M.",
 year = "2006"
 howpublished = "Business Weekly, 24-27}",
}

@misc{Stanford11,
 title = "11. Parameter Estimation",
 author = "Piech, C., and Sahami, M.",
 year = "2017"
 howpublished = "\url{https://web.stanford.edu/class/cs109/reader/11\%20Parameter\%20Estimation.pdf}}",
}

@book{ElementsOfStatLearning,
 author = "Hastie, Trevor, and Tibshirani, Robert, and H. Friedman, Jerome",
 title = "The Elements of Statistical Learning",
 year = "2008",
 publisher = "Springer",
}


@book{NNandDL,
 author = "Michael A. Nielsen",
 title = "Neural Networks and Deep Learning",
 year = "2015",
 publisher = "Determination Press",
}

